<?xml version="1.0" encoding="UTF-8"?><collection xmlns="http://www.loc.gov/MARC21/slim"><record><leader>00543nam--2200169-i-4500</leader><controlfield tag="001">000028220</controlfield><controlfield tag="002">20161230</controlfield><controlfield tag="005">20161230201037</controlfield><controlfield tag="008">060222s1000------------r-----000-0-eng-d</controlfield><datafield ind1=" " ind2=" " tag="040"><subfield code="a">IFIN-HH</subfield></datafield><datafield ind1=" " ind2=" " tag="080"><subfield code="a">537.622(043):681.32(043)</subfield></datafield><datafield ind1="1" ind2=" " tag="100"><subfield code="a">Lazzari, Jean-pierre</subfield></datafield><datafield ind1="1" ind2="0" tag="245"><subfield code="a">Etude et realisation d`une nouvelle tete d`enregistrement: tete magnetique integree, en couches minces</subfield><subfield code="b">These</subfield><subfield code="c">Jean-pierre lazzari</subfield></datafield><datafield ind1=" " ind2=" " tag="260"><subfield code="a">Grenoble</subfield><subfield code="b">Universite De Grenoble</subfield><subfield code="c">1970</subfield></datafield><datafield ind1=" " ind2=" " tag="300"><subfield code="a">113P</subfield></datafield><datafield ind1=" " ind2=" " tag="852"><subfield code="a">40312</subfield><subfield code="c">537:538</subfield></datafield><datafield ind1=" " ind2=" " tag="CAT"><subfield code="a">Sys</subfield><subfield code="c">20110620</subfield><subfield code="h">141855</subfield></datafield></record></collection>